<record><leader>00000cas a22000007a 4500</leader><controlfield tag="001">33827477</controlfield><controlfield tag="008">951130d18981901meuwr ne      0    0eng d</controlfield><datafield ind1=" " ind2=" " tag="010"><subfield code="a">sn 95067977 </subfield></datafield><datafield ind1=" " ind2=" " tag="040"><subfield code="a">MBN</subfield><subfield code="b">eng</subfield><subfield code="c">MBN</subfield><subfield code="d">OCLCQ</subfield><subfield code="d">OCLCF</subfield><subfield code="d">OCLCO</subfield></datafield><datafield ind1="1" ind2=" " tag="029"><subfield code="a">AU@</subfield><subfield code="b">000012176383</subfield></datafield><datafield ind1=" " ind2=" " tag="042"><subfield code="a">msc</subfield></datafield><datafield ind1=" " ind2=" " tag="043"><subfield code="a">n-us-me</subfield></datafield><datafield ind1="0" ind2="0" tag="245"><subfield code="a">Deer Isle and Stonington press.</subfield></datafield><datafield ind1="1" ind2="3" tag="246"><subfield code="a">Press,</subfield><subfield code="f">&lt;Oct. 23, 1900-Apr. 24, 1901&gt;</subfield></datafield><datafield ind1="1" ind2="3" tag="246"><subfield code="a">Island press,</subfield><subfield code="f">&lt;Aug. 17-Sept. 7, 1901&gt;</subfield></datafield><datafield ind1=" " ind2=" " tag="260"><subfield code="a">Stonington, Me. :</subfield><subfield code="b">D. Jewett Noyes</subfield></datafield><datafield ind1=" " ind2=" " tag="300"><subfield code="a">v.</subfield></datafield><datafield ind1=" " ind2=" " tag="310"><subfield code="a">Weekly</subfield></datafield><datafield ind1="1" ind2=" " tag="362"><subfield code="a">Began 1898; ceased 1901?</subfield></datafield><datafield ind1=" " ind2=" " tag="500"><subfield code="a">Publishers: D. Jewett Noyes, &lt;Nov. 10, 1898-Apr. 19, 1900&gt;; R.F. Gerrish, &lt;Nov. 23, 1900-Sept. 7, 1901&gt;</subfield></datafield><datafield ind1=" " ind2=" " tag="588"><subfield code="a">Description based on: Vol. 17, no. 29 (Nov. 10, 1898).</subfield></datafield><datafield ind1=" " ind2="0" tag="651"><subfield code="a">Stonington (Me.)</subfield><subfield code="v">Newspapers.</subfield></datafield><datafield ind1=" " ind2="0" tag="651"><subfield code="a">Deer Isle (Me.)</subfield><subfield code="v">Newspapers.</subfield></datafield><datafield ind1=" " ind2="7" tag="655"><subfield code="a">Newspapers.</subfield><subfield code="2">fast</subfield><subfield code="0">(OCoLC)fst01423814</subfield></datafield><datafield ind1=" " ind2="7" tag="651"><subfield code="a">Maine</subfield><subfield code="z">Deer Isle.</subfield><subfield code="2">fast</subfield><subfield code="0">(OCoLC)fst01291022</subfield></datafield><datafield ind1=" " ind2="7" tag="651"><subfield code="a">Maine</subfield><subfield code="z">Stonington.</subfield><subfield code="2">fast</subfield><subfield code="0">(OCoLC)fst01291021</subfield></datafield><datafield ind1=" " ind2=" " tag="752"><subfield code="a">United States</subfield><subfield code="b">Maine</subfield><subfield code="c">Hancock</subfield><subfield code="d">Stonington.</subfield></datafield><datafield ind1="0" ind2="0" tag="780"><subfield code="t">Deer Isle gazette</subfield><subfield code="w">(DLC)sn 90057222</subfield></datafield></record>